@manual{williams1996,
	author =		"Toth, L. M. and Gat, U. and Del Cul, G. D. and Dai, S. and Williams, D. F.",
	title = 		"Review of ORNL's MSR Technology and Status",
	organization =	"Oak Ridge National Laboratory",
	address = 	"Oak Ridge, TN",
	note =		"ORNL-960639-6",
	year = 		"1996"
}

@article{engel1970,
	author =		"Paul N. Haubenreich and J. R. Engel",
	title = 		"Experience with the Molten-Salt Reactor Experiment",
	journal = 	   	"Nuclear application and Technology",
	volume = 		"8",
	pages = 		"118--136",
	year = 		"1970"
}

@manual{grimes1975,
	author =		"E. L. Compere and S. S. Kirslis and E. G. Bohlmann and F. F. Blankenship and W. R. Grimes",
	title = 		"Fission Product Behavior in the Molten Salt Reactor Experiment",
	organization =	"Oak Ridge National Laboratory",
	address = 	"Oak Ridge, TN",
	note =		"ORNL--4865",
	year = 		"1975"
}

@article{powers2016,
	author =		"Jess C. Gehin and Jeffrey J. Powers",
	title = 		"Liquid Fuel Molten Salt Reactors for Thorium Utilization",
	journal = 	   	"Nuclear Technology",
	volume = 		"194",
	number = 		"2",
	pages = 		"152--161",
	year = 		"2016"
}

@article{grimes1970,
	author =		"W. R. Grimes",
	title = 		"Molten-Salt Reactor Chemistry",
	journal = 	   	"Nuclear application and Technology",
	volume = 		"8",
	pages = 		"137--155",
	year = 		"1970"
}

@article{baes1974,
	author =		"C. F. Baes, Jr.",
	title = 		"The Chemistry and Thermodynamics of Molten Salt Reactor Fuels",
	journal = 	   	"Journal of Nuclear Materials",
	volume = 		"51",
	pages = 		"149--162",
	year = 		"1974"
}

@manual{kedl1972,
	author =		"R. J. Kedl",
	title = 		"The Migration of a Class of Fission Products (Noble Metals) in the Molten-Salt Reactor Experiment",
	organization =	"Oak Ridge National Laboratory",
	address = 	"Oak Ridge, TN",
	note =		"ORNL--3884",
	year = 		"1972"
}

@manual{watts1972,
	author =		"E. S. Bettis and L. G. Alexander and H. L. Watts",
	title = 		"Design Studies of a Molten-Salt Reactor Demonstration Pant",
	organization =	"Oak Ridge National Laboratory",
	address = 	"Oak Ridge, TN",
	note =		"ORNL--TM--3832",
	year = 		"1972"
}

@manual{robertson1971,
	author =		"R. J. Robertson",
	title = 		"Conceptual Design Study of a Single-Fluid Molten-Salt Breeder Reactor",
	organization =	"Oak Ridge National Laboratory",
	address = 	"Oak Ridge, TN",
	note =		"ORNL--4541",
	year = 		"1971"
}

@book{deen2016,
	author =		"William M. Deen",
	title = 		"Analysis of Transport Phenomena",
	edition=		"2",
	publisher=		"Oxford University Press.",
	address = 	"New York",
	year = 		"2016"
}

@manual{houtzeel1967,
	author =		"R. J. Kedl and A. Houtzeel",
	title = 		"Development of a Model for Computing ${}^{135}Xe$ Migration in the MSRE",
	organization =	"Oak Ridge National Laboratory",
	address = 	"Oak Ridge, TN",
	note =		"ORNL--4069",
	year = 		"1967"
}

@book{bird2006,
	author =		"R. Byron Bird and Warren E. Stewart and Edwin N. Lightfoot",
	title = 		"Transport Phenomena",
	edition=		"Revised 2",
	publisher=		"John Wiley and Sons, Inc.",
	address = 	"New York",
	year = 		"2006"
}

@book{wilson1969,
	author =		"James R. Welty and Charles E.  Wicks and Robert E. Wilson",
	title = 		"Fundamentals of Momentum Heat and Mass Transfer",
	publisher=		"John Wiley and Sons, Inc.",
	address = 	"New York",
	year = 		"1969"
}

@manual{engel1971,
	author =		"J. R. Engel and R. C. Steffy",
	title = 		"Xenon Behavior in the Molten Salt Reactor Experiment",
	organization =	"Oak Ridge National Laboratory",
	address = 	"Oak Ridge, TN",
	note =		"ORNL--TM--3464",
	year = 		"1971"
}

@manual{kedl1967,
	author =		"R. J. Kedl",
	title = 		"A Model for Computing the Migration of Very Short-Lived Noble Gases into MSRE Graphite",
	organization =	"Oak Ridge National Laboratory",
	address = 	"Oak Ridge, TN",
	note =		"ORNL--TM--1810",
	year = 		"1967"
}

@manual{peebles1968,
	author =		"R. N. Peebles",
	title = 		"Removal of Xenon-135 from Circulating Fuel Salt of the MSBR by Mass Transfer to Helium Bubbles",
	organization =	"Oak Ridge National Laboratory",
	address = 	"Oak Ridge, TN",
	note =		"ORNL--TM--2245",
	year = 		"1968"
}

@manual{houtzeel1970,
	author =		"J. R. Engel and P. N. Haubenreich and A. Houtzeel",
	title = 		"Spray, MIST, Bubbles, and Foam in the Molten Salt Reactor Experiment",
	organization =	"Oak Ridge National Laboratory",
	address = 	"Oak Ridge, TN",
	note =		"ORNL--TM--3027",
	year = 		"1970"
}

@manual{steffy1969,
	author =		"J. R. Engel and R. C. Steffy",
	title = 		"Molten-Salt Reactor Program Semiannual Progress Report for Period Ending August 31,1969",
	organization =	"Oak Ridge National Laboratory",
	address = 	"Oak Ridge, TN",
	note =		"ORNL--4449",
	pages = 		"8-10",
	year = 		"1969"
}

@manual{watson1962,
	author =		"G. M. Watson and R. B. Evans",
	title = 		"Xenon Diffusion in Graphite: Effects of Xenon Absorption in Molten Salt Reactors Containing Graphite",
	organization =	"Oak Ridge National Laboratory",
	address = 	"Oak Ridge, TN",
	note =		"ORNL--TM--262",
	year = 		"1962"
}

@article{olander2002,
	author =		"D. Olander",
	title = 		"Redox Condition of Molten Fluoride Salts Definition and Control",
	journal = 	   	"Journal of Nuclear Materials",
	volume = 		"300",
	pages = 		"270--272",
	year = 		"2002"
}

@inbook{sarma2007,
	author = "Viswanatha, R. and Sarma, D. D.",
	publisher = "Wiley-Blackwell",
	title = "Growth of Nanocrystals in Solution",
	booktitle = "Nanomaterials Chemistry",
	chapter = "4",
	pages = "139-170",
	year = "2007",

}

@article{mahiddine2014,
	author =		"D. Olander",
	title = 		"Mechanisms of Nucleation and Growth of Nanoparticles in Solution",
	journal = 	   	"Chemical Reviews",
	volume = 		"114",
	pages = 		"7610--7630",
	year = 		"2014"
}

@book{perry2007,
	author =		"Don W. Green and Robert H. Perry",
	title = 		"Perry's Chemical Engineers' Handbook",
	edition=		"8th",
	publisher=		"McGraw Hill Professional",
	address = 	"New York",
	year = 		"2007"
}

@book{asano2006,
	author =		"Koichi Asano",
	title = 		"Mass Transfer. From Fundamentals to Modern Industrial Applications.",
	publisher=		"Wiley-VCH Werlang CmbH and C. KGaA",
	address = 	"Weinheim",
	year = 		"2006"
}

@book{kazimi1990,
    author = "Neil E. Todreas and Mujid S. Kazimi",
    title = "NUCLEAR SYSTEMS I Thermal Hydraulic Fundamentals",
    publisher = "Hemisphere Publishing Corporation.",
    year = "1990"
}

@MANUAL{salko2017,
    title = {CTF Theory Manual},
    author="R. Salko and A. Wysocki and M. Avramova and A. Toptan and N. Porter and T. Blyth and C. Dances and A. Gomez and C. Jernigan and J. Kelly",
    year="2017",
    organization="The North Carolina State University"
}

@book{versteeg2007,
    author = "H K Versteeg and W Malalasekera",
    title = "An Introduction to Computational Fluid Dynamics The Finite Volume Method",
    edition = "2nd",
    publisher = "Pearson Prentice Hall",
    year = "2007"
}

@manual{nestor1960,
	author =		"C. W. Nestor",
	title = 		"Reactor Physics Calculations for the MSRE",
	organization =	"Oak Ridge National Laboratory",
	address = 	"Oak Ridge, TN",
	note =		"ORNL--60-7-96",
	year = 		"1960"
}
@manual{baes1965,
	author =		"C. F. Baes",
	title = 		"The Chemistry and Thermodynamics of Molten Salt Reactor Fluoride Solutions",
	organization =	"Oak Ridge National Laboratory",
	address = 	"Oak Ridge, TN",
	note =		"ORNL-p-1428",
	year = 		"1965"
}
@manual{cantor1968,
	author =		"S. Cantor and J. W. Cooke and A. S. Dworkin and G. D. Robbins and R. E. Thoma and G. M. Watson",
	title = 		"Physical Properties of Molten-Salt Reactor Fuel, Coolant, and Flush Salts",
	organization =	"Oak Ridge National Laboratory",
	address = 	"Oak Ridge, TN",
	note =		"ORNL-TM-2316",
	year = 		"1968"
}
@manual{prince1962,
	author =		"B. E. Prince and J. R. Engel",
	title = 		"Temperature and Reactivity Coefficient Averaging in the MSRE",
	organization =	"Oak Ridge National Laboratory",
	address = 	"Oak Ridge, TN",
	note =		"ORNL-TM-1962",
	year = 		"1962"
}
@manual{bell1970,
	author =		"M. J. Bell",
	title = 		"Calculated Radioactivity of MSRE Fuel Salt",
	organization =	"Oak Ridge National Laboratory",
	address = 	"Oak Ridge, TN",
	note =		"ORNL-TM-2970",
	year = 		"1970"
}

@article{cammi2011,
    title = "A multi-physics modelling approach to the dynamics of Molten Salt Reactors",
    journal = "Annals of Nuclear Energy",
    volume = "38",
    number = "6",
    pages = "1356 - 1372",
    year = "2011",
    issn = "0306-4549",
    doi = "https://doi.org/10.1016/j.anucene.2011.01.037",
    url = "http://www.sciencedirect.com/science/article/pii/S0306454911000582",
    author = "Antonio Cammi and Valentino Di Marcello and Lelio Luzzi and Vito Memoli and Marco Enrico Ricotti",
}

@phdthesis{benes2008,
  author       = "Ondrej Benes", 
  title        = "Thermodynamics of Molten Salts of Nuclear Applications",
  school       = "Institute of chemical technology, Prague",
  year         = "2008",
  url = "http://publications.jrc.ec.europa.eu/repository/handle/JRC50490",
  note         = "European Commission - Joint Research Centre - Institute for Transuranium Elements"
}

@article{eades2016,
    title = "The influence of Xe-135m on steady-state xenon worth in thermal molten salt reactors",
    journal = "Progress in Nuclear Energy",
    volume = "93",
    pages = "397 - 405",
    year = "2016",
    issn = "0149-1970",
    doi = "https://doi.org/10.1016/j.pnucene.2016.09.010",
    url = "http://www.sciencedirect.com/science/article/pii/S0149197016302116",
    author = "Michael J. Eades and Ethan S. Chaleff and Paolo F. Venneri and Thomas E. Blue",
}

@article{wu2017,
    title = "Flow effect on 135I and 135Xe evolution behavior in a molten salt reactor",
    journal = "Nuclear Engineering and Design",
    volume = "314",
    pages = "318 - 325",
    year = "2017",
    issn = "0029-5493",
    doi = "https://doi.org/10.1016/j.nucengdes.2017.01.019",
    url = "http://www.sciencedirect.com/science/article/pii/S0029549317300195",
    author = "Jianhui Wu and Chen Guo and Xiangzhou Cai and Chenggang Yu and Chunyan Zou and Jianlong Han and Jingen Chen",
}

@article{zack2018,
     author  = 		"Zack Taylor and Robert Salko and Ben Collins and Ivan Maldonado",
     title   = 			"Implementation of General Species Transport into VERA-CS for Molten Salt Reactor Analysis",
     volume = "118",
     number = "2",
     journal = 		"Transactions of the American Nuclear Society",
     year    = 		"2018"
}
@book{duderstadt1976,
    author = "James J. Duderstadt and Louis J. Hamilton",
    title = "Nuclear Reactor Analysis",
    publisher = "John Wiley and Sons",
    year = "1976"
}
@manual{fissionBasics,
  author = "AJ Software and Multimedia",
  title = "Nuclear fission basics",
  year = 2015,
  url = "http://www.atomicarchive.com/Fission/Fission1.shtml",
  urldate = {2019-03-6}
}
@manual{casl,
  author = "The Consortium for Advanced Simulation of Light Water Reactors",
  title = "CASL home page",
  year = 2019,
  url = "https://www.casl.gov/",
  urldate = {2019-03-6}
}
@article{piro2013,
	author =		"M.H.A. Piro and S. Simunovic and T.M. Besmann and B.J. Lewis and W.T. Thompson",
	title = 		"The thermochemistry library Thermochimica",
	journal = 	   	"Computational Materials science",
	volume = 		"67",
	pages = 		"266--272",
	year = 		"2013"
}
@misc{cole2019,
  author = "Gentry, Cole",
  date = "2017",
  howpublished = "personal communication with Cole Gentry. Calculation was done in MPACT using a single pin cell model"
}